%% This BibTeX bibliography file was created using BibDesk.
%% http://bibdesk.sourceforge.net/

%% Created for Gerko Vink at 2016-01-12 23:32:10 +0100 


%% Saved with string encoding Unicode (UTF-8) 



@article{meng1994,
	Author = {Meng, Xiao-Li},
	Date-Added = {2016-01-12 22:08:32 +0000},
	Date-Modified = {2016-01-12 22:32:08 +0000},
	Journal = {Statistical Science},
	Number = {4},
	Pages = {538--558},
	Title = {Multiple-imputation inferences with uncongenial sources of input},
	Volume = {9},
	Year = {1994}}

@misc{gelman2004bayesian,
	Author = {Gelman, Andrew and Carlin, John B and Stern, Hal S and Rubin, Donald B},
	Date-Added = {2016-01-12 19:55:34 +0000},
	Date-Modified = {2016-01-12 19:55:57 +0000},
	Publisher = {Chapman \& Hall/CRC, Boca Raton, FL,},
	Title = {Bayesian data analysis.},
	Year = {2004}}

@book{molenberghs2014handbook,
	Author = {Molenberghs, Geert and Fitzmaurice, Garrett and Kenward, Michael G and Tsiatis, Anastasios and Verbeke, Geert},
	Date-Added = {2016-01-12 12:04:11 +0000},
	Date-Modified = {2016-01-12 12:04:11 +0000},
	Publisher = {CRC Press},
	Title = {Handbook of Missing Data Methodology},
	Year = {2014}}

@book{rubin,
	Author = {Rubin, Donald B},
	Date-Added = {2016-01-12 10:27:58 +0000},
	Date-Modified = {2016-01-12 20:59:42 +0000},
	Publisher = {NY; John Wiley \& Sons},
	Title = {Multiple imputation for nonresponse in surveys},
	Year = {1987}}

@article{kropko2014multiple,
	Author = {Kropko, Jonathan and Goodrich, Ben and Gelman, Andrew and Hill, Jennifer},
	Date-Added = {2016-01-12 10:27:41 +0000},
	Date-Modified = {2016-01-12 10:27:41 +0000},
	Journal = {Political Analysis},
	Number = {4},
	Pages = {497--519},
	Publisher = {SPM-PMSAPSA},
	Title = {Multiple imputation for continuous and categorical data: Comparing joint multivariate normal and conditional approaches},
	Volume = {22},
	Year = {2014}}
