%% This BibTeX bibliography file was created using BibDesk.
%% http://bibdesk.sourceforge.net/


%% Created for Gerko Vink at 2014-10-01 20:52:58 +0200 


%% Saved with string encoding Unicode (UTF-8) 



@unpublished{Vink_arXiv_pooling,
	Author = {Vink, G. and Van Buuren, S.},
	Date-Added = {2014-09-30 19:56:50 +0000},
	Date-Modified = {2014-10-01 00:18:27 +0000},
	Note = {arXiv:1409.8542 [math.ST]},
	Title = {Pooling multiple imputations when the sample happens to be the population},
	Year = {2014}}

@manual{AcaraSEA2013,
	Address = {Sydney, Australia.},
	Author = {Acara},
	Date-Added = {2014-09-30 18:25:18 +0000},
	Date-Modified = {2014-09-30 18:47:57 +0000},
	Note = {Last accessed on Sep 30, 2014},
	Organization = {Australian curriculum assesment and reporting authority},
	Rating = {1},
	Title = {Guide to understanding 2013 index of community socio-educational advantage (ICSEA) values},
	Url = {http://www.acara.edu.au/verve/_resources/Guide_to_understanding_2013_ICSEA_values.pdf},
	Year = {2014},
	Bdsk-Url-1 = {http://www.acara.edu.au/verve/_resources/Guide_to_understanding_2013_ICSEA_values.pdf}}

@article{schenker1996partially,
	Author = {Schenker, Nathaniel and Taylor, Jeremy MG},
	Date-Added = {2014-09-30 08:01:23 +0000},
	Date-Modified = {2014-09-30 08:01:23 +0000},
	Journal = {Computational Statistics \& Data Analysis},
	Number = {4},
	Pages = {425--446},
	Publisher = {Elsevier},
	Title = {Partially parametric techniques for multiple imputation},
	Volume = {22},
	Year = {1996}}

@article{morris2014tuning,
	Author = {Morris, Tim P and White, Ian R and Royston, Patrick},
	Date-Added = {2014-09-30 08:01:07 +0000},
	Date-Modified = {2014-09-30 08:01:07 +0000},
	Journal = {BMC Medical Research Methodology},
	Number = {1},
	Pages = {75},
	Publisher = {BioMed Central Ltd},
	Title = {Tuning multiple imputation by predictive mean matching and local residual draws},
	Volume = {14},
	Year = {2014}}

@phdthesis{florian2009,
	Author = {Koller-Meinfelder, Florian},
	Date-Added = {2014-09-30 07:52:28 +0000},
	Date-Modified = {2014-09-30 08:00:24 +0000},
	School = {Otto-Friedrich-Universit{\"a}t Bamberg.},
	Title = {Analysis of Incomplete Survey Data--Multiple Imputation via Bayesian Bootstrap Predictive Mean Matching},
	Year = {2009}}

@article{LittlePMM,
	Author = {Little, Roderick JA},
	Date-Added = {2014-09-26 09:22:34 +0000},
	Date-Modified = {2014-09-26 09:23:10 +0000},
	Journal = {Journal of Business \& Economic Statistics},
	Number = {3},
	Pages = {287--296},
	Publisher = {Taylor \& Francis},
	Title = {Missing-data adjustments in large surveys},
	Volume = {6},
	Year = {1988}}

@article{RubinPMM,
	Author = {Rubin, Donald B},
	Date-Added = {2014-09-26 09:22:14 +0000},
	Date-Modified = {2014-09-26 09:23:30 +0000},
	Journal = {Journal of Business \& Economic Statistics},
	Number = {1},
	Pages = {87--94},
	Publisher = {Taylor \& Francis Group},
	Title = {Statistical matching using file concatenation with adjusted weights and multiple imputations},
	Volume = {4},
	Year = {1986}}

@article{Bartlett12022014,
	Author = {Bartlett, Jonathan W and Seaman, Shaun R and White, Ian R and Carpenter, James R and for the Alzheimer's Disease Neuroimaging Initiative*},
	Date-Modified = {2014-06-12 11:14:16 +0000},
	Doi = {10.1177/0962280214521348},
	Eprint = {http://smm.sagepub.com/content/early/2014/03/31/0962280214521348.full.pdf+html},
	Journal = {Statistical Methods in Medical Research},
	Title = {Multiple imputation of covariates by fully conditional specification: Accommodating the substantive model},
	Url = {http://smm.sagepub.com/content/early/2014/03/31/0962280214521348.abstract},
	Volume = {Advance online publication},
	Year = {2014},
	Bdsk-Url-1 = {http://smm.sagepub.com/content/early/2014/03/31/0962280214521348.abstract},
	Bdsk-Url-2 = {http://dx.doi.org/10.1177/0962280214521348}}

@article{bodner2008improves,
	Author = {Bodner, Todd E},
	Date-Added = {2014-06-12 10:00:27 +0000},
	Date-Modified = {2014-06-12 10:00:27 +0000},
	Journal = {Structural Equation Modeling},
	Number = {4},
	Pages = {651--675},
	Publisher = {Taylor \& Francis},
	Title = {What improves with increased missing data imputations?},
	Volume = {15},
	Year = {2008}}

@article{graham2007many,
	Author = {Graham, John W and Olchowski, Allison E and Gilreath, Tamika D},
	Date-Added = {2014-06-12 09:58:36 +0000},
	Date-Modified = {2014-06-12 09:58:36 +0000},
	Journal = {Prevention Science},
	Number = {3},
	Pages = {206--213},
	Publisher = {Springer},
	Title = {How many imputations are really needed? Some practical clarifications of multiple imputation theory},
	Volume = {8},
	Year = {2007}}

@article{royston2004multiple,
	Author = {Royston, Patrick},
	Date-Added = {2014-06-12 09:56:17 +0000},
	Date-Modified = {2014-06-12 09:56:17 +0000},
	Journal = {Stata Journal},
	Pages = {227--241},
	Publisher = {STATA PRESS},
	Title = {Multiple imputation of missing values},
	Volume = {4},
	Year = {2004}}

@article{schafer1998multiple,
	Author = {Schafer, Joseph L and Olsen, Maren K},
	Date-Added = {2014-06-12 09:53:55 +0000},
	Date-Modified = {2014-06-12 09:53:55 +0000},
	Journal = {Multivariate behavioral research},
	Number = {4},
	Pages = {545--571},
	Publisher = {Taylor \& Francis},
	Title = {Multiple imputation for multivariate missing-data problems: A data analyst's perspective},
	Volume = {33},
	Year = {1998}}

@article{demirtas2008plausibility,
	Author = {Demirtas, Hakan and Freels, Sally A and Yucel, Recai M},
	Date-Added = {2014-06-11 22:31:39 +0000},
	Date-Modified = {2014-06-11 22:31:39 +0000},
	Journal = {Journal of Statistical Computation and Simulation},
	Number = {1},
	Pages = {69--84},
	Publisher = {Taylor \& Francis},
	Title = {Plausibility of multivariate normality assumption when multiply imputing non-Gaussian continuous outcomes: a simulation assessment},
	Volume = {78},
	Year = {2008}}

@article{lee2010multiple,
	Author = {Lee, Katherine J and Carlin, John B},
	Date-Added = {2014-06-11 22:26:19 +0000},
	Date-Modified = {2014-06-11 22:26:19 +0000},
	Journal = {American Journal of Epidemiology},
	Number = {5},
	Pages = {624--632},
	Publisher = {Oxford Univ Press},
	Title = {Multiple imputation for missing data: fully conditional specification versus multivariate normal imputation},
	Volume = {171},
	Year = {2010}}

@article{van2007multiple,
	Author = {Van Buuren, Stef},
	Date-Added = {2014-06-11 22:25:05 +0000},
	Date-Modified = {2014-06-11 22:25:05 +0000},
	Journal = {Statistical methods in medical research},
	Number = {3},
	Pages = {219--242},
	Publisher = {SAGE Publications},
	Title = {Multiple imputation of discrete and continuous data by fully conditional specification},
	Volume = {16},
	Year = {2007}}

@article{faris2002multiple,
	Author = {Faris, Peter D and Ghali, William A and Brant, Rollin and Norris, Colleen M and Galbraith, P Diane and Knudtson, Merril L},
	Date-Added = {2014-06-11 22:17:52 +0000},
	Date-Modified = {2014-06-11 22:17:52 +0000},
	Journal = {Journal of Clinical Epidemiology},
	Number = {2},
	Pages = {184--191},
	Publisher = {Elsevier},
	Title = {Multiple imputation versus data enhancement for dealing with missing data in observational health care outcome analyses},
	Volume = {55},
	Year = {2002}}

@phdthesis{heeringa2000multivariate,
	Author = {Heeringa, Steven G and Little, Roderick JA and Raghunathan, Trivellore E},
	Date-Added = {2014-06-11 22:16:47 +0000},
	Date-Modified = {2014-06-11 22:16:47 +0000},
	School = {University of Michigan.},
	Title = {Multivariate imputation of coarsened survey data on household wealth},
	Year = {2000}}

@book{oudshoorn1999flexible,
	Author = {Oudshoorn, Catharina Gerarda Maria and Buuren, Stef and Rijckevorsel, Jan Lodewijk Adriaan},
	Date-Added = {2014-06-11 22:15:10 +0000},
	Date-Modified = {2014-06-11 22:15:10 +0000},
	Publisher = {TNO Prevention and Health Leiden},
	Title = {Flexible multiple imputation by chained equations of the AVO-95 survey},
	Year = {1999}}

@article{raghunathan1996multiple,
	Author = {Raghunathan, Trivellore E and Siscovick, David S},
	Date-Added = {2014-06-11 22:13:50 +0000},
	Date-Modified = {2014-06-11 22:13:50 +0000},
	Journal = {Applied Statistics},
	Number = {3},
	Pages = {335--352},
	Publisher = {Wiley-Blackwell},
	Title = {A multiple-imputation analysis of a case-control study of the risk of primary cardiac arrest among pharmacologically treated hypertensives},
	Volume = {45},
	Year = {1996}}

@article{rubin2003nested,
	Author = {Rubin, Donald B},
	Date-Added = {2014-06-11 22:09:49 +0000},
	Date-Modified = {2014-06-11 22:09:49 +0000},
	Journal = {Statistica Neerlandica},
	Number = {1},
	Pages = {3--18},
	Publisher = {Wiley Online Library},
	Title = {Nested multiple imputation of NMES via partially incompatible MCMC},
	Volume = {57},
	Year = {2003}}

@article{raghunathan2001multivariate,
	Author = {Raghunathan, Trivellore E and Lepkowski, James M and Van Hoewyk, John and Solenberger, Peter},
	Date-Added = {2014-06-11 22:09:04 +0000},
	Date-Modified = {2014-06-11 22:09:04 +0000},
	Journal = {Survey methodology},
	Number = {1},
	Pages = {85--96},
	Publisher = {Citeseer},
	Title = {A multivariate technique for multiply imputing missing values using a sequence of regression models},
	Volume = {27},
	Year = {2001}}

@article{van1999multiple,
	Author = {Van Buuren, Stef and Boshuizen, Hendriek C and Knook, Dick L and others},
	Date-Added = {2014-06-11 22:07:48 +0000},
	Date-Modified = {2014-06-11 22:07:48 +0000},
	Journal = {Statistics in medicine},
	Number = {6},
	Pages = {681--694},
	Title = {Multiple imputation of missing blood pressure covariates in survival analysis},
	Volume = {18},
	Year = {1999}}

@book{brand1999development,
	Author = {Brand, Jaap PL},
	Date-Added = {2014-06-11 22:07:09 +0000},
	Date-Modified = {2014-06-11 22:07:09 +0000},
	Publisher = {Erasmus MC: University Medical Center Rotterdam},
	Title = {Development, implementation and evaluation of multiple imputation strategies for the statistical analysis of incomplete data sets},
	Year = {1999}}

@techreport{kennickell1991imputation,
	Author = {Kennickell, Arthur B},
	Date-Added = {2014-06-11 22:05:33 +0000},
	Date-Modified = {2014-06-11 22:05:33 +0000},
	Institution = {mimeo, Board of Governors of the Federal Reserve System},
	Title = {Imputation of the 1989 Survey of Consumer Finances: Stochastic relaxation and multiple imputation},
	Year = {1991}}

@article{chen2011multiple,
	Author = {Chen, Hua Yun and Xie, Hui and Qian, Yi},
	Date-Added = {2014-06-11 21:40:29 +0000},
	Date-Modified = {2014-06-11 21:40:29 +0000},
	Journal = {Biometrics},
	Number = {3},
	Pages = {799--809},
	Publisher = {Wiley Online Library},
	Title = {Multiple imputation for missing values through conditional semiparametric odds ratio models},
	Volume = {67},
	Year = {2011}}

@article{goldstein2009multilevel,
	Author = {Goldstein, Harvey and Carpenter, James and Kenward, Michael G and Levin, Kate A},
	Date-Added = {2014-06-11 21:39:04 +0000},
	Date-Modified = {2014-06-11 21:39:04 +0000},
	Journal = {Statistical Modelling},
	Number = {3},
	Pages = {173--197},
	Publisher = {SAGE Publications},
	Title = {Multilevel models with multivariate mixed response types},
	Volume = {9},
	Year = {2009}}

@article{vGinkel2007,
	Author = {Van Ginkel, Joost R and Van der Ark, L Andries and Sijtsma, Klaas},
	Date-Added = {2014-06-11 21:37:07 +0000},
	Date-Modified = {2014-06-12 08:43:12 +0000},
	Journal = {British Journal of Mathematical and Statistical Psychology},
	Number = {2},
	Pages = {315--338},
	Publisher = {Bristol: J. Wright \& Sons},
	Title = {Multiple imputation for item scores when test data are factorially complex},
	Volume = {60},
	Year = {2007}}

@article{van1992imputation,
	Author = {Van Buuren, Stef and van Rijckevorsel, Jan LA},
	Date-Added = {2014-06-11 21:35:59 +0000},
	Date-Modified = {2014-06-11 21:35:59 +0000},
	Journal = {Psychometrika},
	Number = {4},
	Pages = {567--580},
	Publisher = {Springer},
	Title = {Imputation of missing categorical data by maximizing internal consistency},
	Volume = {57},
	Year = {1992}}

@manual{pan,
	Author = {Jing Hua Zhao and Joseph L. Schafer},
	Note = {R package version 0.9},
	Title = {pan: Multiple imputation for multivariate panel or clustered data},
	Year = {2013}}

@article{VanbuurenFCS,
	Author = {Van Buuren, Stef and Brand, Jaap PL and Groothuis-Oudshoorn, CGM and Rubin, Donald B},
	Date-Added = {2014-05-21 20:08:35 +0000},
	Date-Modified = {2014-05-21 20:09:22 +0000},
	Journal = {Journal of statistical computation and simulation},
	Number = {12},
	Pages = {1049--1064},
	Publisher = {Taylor \& Francis},
	Title = {Fully conditional specification in multivariate imputation},
	Volume = {76},
	Year = {2006}}

@article{Rsurvey,
	Author = {T. Lumley},
	Date-Added = {2014-05-16 16:01:38 +0000},
	Date-Modified = {2014-05-16 16:03:22 +0000},
	Journal = {R package version 3.28-2},
	Title = {survey: analysis of complex survey samples},
	Year = {2012}}

@article{lumley2004analysis,
	Author = {Lumley, Thomas},
	Date-Added = {2014-05-16 16:01:03 +0000},
	Date-Modified = {2014-05-16 16:01:03 +0000},
	Journal = {Journal of Statistical Software},
	Number = {1},
	Pages = {1--19},
	Title = {Analysis of complex survey samples},
	Volume = {9},
	Year = {2004}}

@unpublished{Vink2014pooling,
	Author = {Vink, G. and Van Buuren, S.},
	Date-Added = {2014-05-10 14:25:04 +0000},
	Date-Modified = {2014-05-10 14:31:13 +0000},
	Note = {Unpublished manuscript},
	Title = {Pooling multiple imputations when sampling variance is not of interest},
	Year = {2014}}

@book{hox2010,
	Author = {Hox, Joop J},
	Date-Modified = {2014-05-10 13:37:45 +0000},
	Edition = {2},
	Publisher = {Psychology Press},
	Title = {Multilevel analysis: Techniques and applications},
	Year = {2010}}

@book{graham2012missing,
	Author = {Graham, John W},
	Date-Added = {2014-04-23 11:37:01 +0000},
	Date-Modified = {2014-04-23 11:37:01 +0000},
	Publisher = {Springer},
	Title = {Missing data: Analysis and design},
	Year = {2012}}

@article{schafer2002computational,
	Author = {Schafer, Joseph L and Yucel, Recai M},
	Date-Added = {2014-04-23 11:35:32 +0000},
	Date-Modified = {2014-04-23 11:35:32 +0000},
	Journal = {Journal of computational and Graphical Statistics},
	Number = {2},
	Pages = {437--457},
	Publisher = {Taylor \& Francis},
	Title = {Computational strategies for multivariate linear mixed-effects models with missing values},
	Volume = {11},
	Year = {2002}}

@article{schafer2001multiple,
	Author = {Schafer, Joseph L},
	Date-Added = {2014-04-23 11:35:07 +0000},
	Date-Modified = {2014-04-23 11:35:07 +0000},
	Publisher = {American Psychological Association},
	Title = {Multiple imputation with PAN.},
	Year = {2001}}

@article{andridge2011quantifying,
	Author = {Andridge, Rebecca R},
	Date-Added = {2014-04-23 11:34:08 +0000},
	Date-Modified = {2014-04-23 11:34:08 +0000},
	Journal = {Biometrical Journal},
	Number = {1},
	Pages = {57--74},
	Publisher = {Wiley Online Library},
	Title = {Quantifying the impact of fixed effects modeling of clusters in multiple imputation for cluster randomized trials},
	Volume = {53},
	Year = {2011}}

@article{barnard1999,
	Author = {Barnard, John and Rubin, Donald B},
	Date-Added = {2014-04-02 08:21:39 +0000},
	Date-Modified = {2014-04-02 08:21:54 +0000},
	Journal = {Biometrika},
	Number = {4},
	Pages = {948--955},
	Publisher = {Biometrika Trust},
	Title = {Miscellanea. Small-sample degrees of freedom with multiple imputation},
	Volume = {86},
	Year = {1999}}

@article{vink2013SMR,
	Author = {Vink, Gerko and van Buuren, Stef},
	Date-Added = {2014-03-04 07:55:06 +0000},
	Date-Modified = {2014-03-04 07:55:27 +0000},
	Journal = {Sociological Methods \& Research},
	Number = {4},
	Pages = {598--607},
	Publisher = {SAGE Publications},
	Title = {Multiple Imputation of Squared Terms},
	Volume = {42},
	Year = {2013}}

@article{Vink2014Semicon,
	Author = {Vink, Gerko and Frank, Laurence E and Pannekoek, Jeroen and Buuren, Stef},
	Date-Added = {2014-02-13 13:47:03 +0000},
	Date-Modified = {2014-02-13 13:52:26 +0000},
	Journal = {Statistica Neerlandica},
	Number = {1},
	Pages = {61--90},
	Publisher = {Wiley Online Library},
	Title = {Predictive mean matching imputation of semicontinuous variables},
	Volume = {68},
	Year = {2014}}

@manual{eusilc,
	Author = {A. Alfons and M. Templ and P. Filzmoser},
	Date-Added = {2014-01-15 14:37:29 +0000},
	Date-Modified = {2014-01-15 14:41:49 +0000},
	Title = {Applications of Statistical Simulation in the Case of Applications of statistical simulation in the case of eu-silc: using the r package simFrame}}

@manual{R,
	Address = {Vienna, Austria},
	Author = {{R Core Team}},
	Date-Added = {2013-12-19 23:15:47 +0000},
	Date-Modified = {2013-12-19 23:18:45 +0000},
	Organization = {R Foundation for Statistical Computing},
	Title = {R: A Language and Environment for Statistical Computing.},
	Url = {http://www.R-project.org/},
	Year = {2013},
	Bdsk-Url-1 = {http://www.R-project.org/}}

@article{egozcue2003isometric,
	Author = {Egozcue, Juan Jos{\'e} and Pawlowsky-Glahn, V and Mateu-Figueras, G and Barcel{\'o}-Vidal, C},
	Date-Added = {2013-10-17 09:56:41 +0000},
	Date-Modified = {2013-10-17 09:56:41 +0000},
	Journal = {Mathematical Geology},
	Number = {3},
	Pages = {279--300},
	Publisher = {Springer},
	Title = {Isometric logratio transformations for compositional data analysis},
	Volume = {35},
	Year = {2003}}

@book{chambers2012introduction,
	Author = {Chambers, Ray and Clark, Robert},
	Date-Added = {2013-09-15 20:00:32 +0000},
	Date-Modified = {2013-09-15 20:00:32 +0000},
	Publisher = {Oxford University Press},
	Title = {An introduction to model-based survey sampling with applications},
	Year = {2012}}

@article{alfons2010applications,
	Author = {Alfons, Andreas and Templ, Matthias and Filzmoser, Peter},
	Date-Added = {2013-09-15 19:43:24 +0000},
	Date-Modified = {2013-09-15 19:43:24 +0000},
	Journal = {Journal of Statistical Software},
	Number = {3},
	Pages = {17},
	Title = {Applications of Statistical Simulation in the Case of EU-SILC: Using the R Package simFrame},
	Volume = {37},
	Year = {2010}}

@article{alfons2010object,
	Author = {Alfons, Andreas and Templ, Matthias and Filzmoser, Peter},
	Date-Added = {2013-09-15 19:42:54 +0000},
	Date-Modified = {2013-09-15 19:42:54 +0000},
	Journal = {Journal of Statistical Software},
	Number = {3},
	Pages = {1--36},
	Publisher = {Citeseer},
	Title = {An object-oriented framework for statistical simulation: The R package simFrame},
	Volume = {37},
	Year = {2010}}

@techreport{Vink2013a,
	Author = {Vink, G. and Van Buuren, S. and Hox, J.},
	Date-Added = {2013-07-03 08:27:59 +0000},
	Date-Modified = {2013-07-03 08:34:13 +0000},
	Institution = {Australian Curriculum, Assessment and Reporting Authority.},
	Month = {January},
	Title = {Report on Multiple Imputation for large data},
	Year = {2013}}

@techreport{Vink2013b,
	Author = {Vink, G. and Van Buuren, S. and Hox, J.},
	Date-Added = {2013-07-03 08:24:26 +0000},
	Date-Modified = {2013-07-03 08:29:29 +0000},
	Institution = {Australian Curriculum, Assessment and Reporting Authority.},
	Month = {February},
	Title = {Report on Bayesian Estimation of Social Educational Advantage Scores},
	Year = {2013}}

@article{seaman2012multiple,
	Author = {Seaman, S.R. and Bartlett, J.W. and White, I.R.},
	Date-Added = {2012-06-13 07:36:13 +0000},
	Date-Modified = {2012-06-13 07:36:13 +0000},
	Journal = {BMC Medical Research Methodology},
	Number = {1},
	Pages = {46},
	Publisher = {BioMed Central Ltd},
	Title = {Multiple imputation of missing covariates with non-linear effects and interactions: an evaluation of statistical methods},
	Volume = {12},
	Year = {2012}}

@phdthesis{tempelman2007imputation,
	Author = {Tempelman, C.},
	Date-Added = {2012-05-24 14:20:19 +0000},
	Date-Modified = {2012-05-24 14:20:19 +0000},
	School = {Doctorate thesis, University of Groningen},
	Title = {Imputation of restricted data},
	Year = {2007}}

@article{palarea2007parametric,
	Author = {Palarea-Albaladejo, J. and Mart{\'\i}n-Fern{\'a}ndez, J.A. and G{\'o}mez-Garc{\'\i}a, J.},
	Date-Added = {2012-05-24 08:19:30 +0000},
	Date-Modified = {2012-05-24 08:19:30 +0000},
	Journal = {Mathematical Geology},
	Number = {7},
	Pages = {625--645},
	Publisher = {Springer},
	Title = {A parametric approach for dealing with compositional rounded zeros},
	Volume = {39},
	Year = {2007}}

@conference{aitchison2003possible,
	Author = {Aitchison, J. and Kay, JW and others},
	Booktitle = {Conference paper for the CoDaWORK workshop on Compositional data analysis, Girona, September 2003},
	Date-Added = {2012-05-24 08:18:50 +0000},
	Date-Modified = {2014-08-29 13:12:51 +0000},
	Title = {Possible solution of some essential zero problems in compositional data analysis},
	Year = {2003}}

@article{martin2003dealing,
	Author = {Mart{\'\i}n-Fern{\'a}ndez, J.A. and Barcel{\'o}-Vidal, C. and Pawlowsky-Glahn, V.},
	Date-Added = {2012-05-24 08:17:17 +0000},
	Date-Modified = {2012-05-24 08:17:17 +0000},
	Journal = {Mathematical Geology},
	Number = {3},
	Pages = {253--278},
	Publisher = {Springer},
	Title = {Dealing with zeros and missing values in compositional data sets using nonparametric imputation},
	Volume = {35},
	Year = {2003}}

@book{de2011handbook,
	Author = {De Waal, T. and Pannekoek, J. and Scholtus, S.},
	Date-Added = {2012-05-24 08:16:03 +0000},
	Date-Modified = {2013-10-17 09:42:17 +0000},
	Publisher = {Wiley},
	Title = {Handbook of statistical data editing and imputation},
	Year = {2011}}

@article{allison1976sleep,
	Author = {Allison, T. and Cicchetti, D.V.},
	Date-Added = {2012-05-22 10:40:39 +0000},
	Date-Modified = {2012-05-22 10:40:39 +0000},
	Journal = {Science},
	Number = {4266},
	Pages = {732--734},
	Publisher = {American Association for the Advancement of Science},
	Title = {Sleep in mammals: ecological and constitutional correlates},
	Volume = {194},
	Year = {1976}}

@article{hron2010imputation,
	Author = {Hron, K. and Templ, M. and Filzmoser, P.},
	Date-Added = {2012-04-23 09:42:19 +0000},
	Date-Modified = {2012-04-23 09:42:19 +0000},
	Journal = {Computational Statistics \& Data Analysis},
	Number = {12},
	Pages = {3095--3107},
	Publisher = {Elsevier},
	Title = {Imputation of missing values for compositional data using classical and robust methods},
	Volume = {54},
	Year = {2010}}

@book{aitchison1986,
	Author = {Aitchison, J.},
	Date-Added = {2012-04-17 11:46:24 +0000},
	Date-Modified = {2012-04-17 11:47:31 +0000},
	Publisher = {Chapman \& Hall},
	Title = {The statistical analysis of compositional data},
	Year = {1986}}

@webpage{twitterdata,
	Author = {Sargasso.nl},
	Date-Added = {2012-03-27 09:33:25 +0000},
	Date-Modified = {2012-04-16 12:46:34 +0000},
	Lastchecked = {March 2012},
	Month = {March},
	Title = {De Haagse Twitter Stolp},
	Url = {https://docs.google.com/spreadsheet/ccc?key=0AhASywKnYQZqdEhUc2Z6Mk4tTm1TbXFnVTZzZ1d3aVE\#gid=0},
	Urldate = {March 19th, 2012},
	Year = {2012},
	Bdsk-Url-1 = {https://docs.google.com/spreadsheet/ccc?key=0AhASywKnYQZqdEhUc2Z6Mk4tTm1TbXFnVTZzZ1d3aVE#gid=0}}

@article{templ2011iterative,
	Author = {Templ, M. and Kowarik, A. and Filzmoser, P.},
	Date-Added = {2012-03-16 12:51:39 +0000},
	Date-Modified = {2012-03-16 12:54:11 +0000},
	Journal = {Computational Statistics \& Data Analysis},
	Pages = {2793-2806},
	Publisher = {Elsevier},
	Title = {Iterative stepwise regression imputation using standard and robust methods},
	Volume = {55},
	Year = {2011}}

@article{su2011multiple,
	Author = {Su, Y.S. and Gelman, A. and Hill, J. and Yajima, M.},
	Date-Added = {2012-03-16 12:41:43 +0000},
	Date-Modified = {2012-03-16 12:42:18 +0000},
	Journal = {Journal of Statistical Software},
	Number = {2},
	Title = {Multiple imputation with diagnostics (mi) in R: Opening windows into the black box},
	Volume = {45},
	Year = {2011}}

@book{fimd,
	Author = {Van Buuren, S.},
	Date-Added = {2011-11-07 14:28:53 +0000},
	Date-Modified = {2011-11-07 14:29:23 +0000},
	Publisher = {Chapman \& Hall/CRC},
	Title = {Flexible Imputation of Missing Data},
	Year = {2012}}

@article{banning2010,
	Author = {Banning, R. and Vink, G.},
	Date-Added = {2011-05-26 15:21:10 +0200},
	Date-Modified = {2011-05-26 15:31:04 +0200},
	Journal = {Interne CBS nota, BPA no. DMV-2010-06-08-RBNG-GVNK, Centraal Bureau voor de Statistiek},
	Pages = {30},
	Title = {Methoden en Indicatoren voor het evalueren en beschrijven van controle- en correctieprocessen.},
	Year = {2010}}

@article{white2011multiple,
	Author = {White, I.R. and Royston, P. and Wood, A.M.},
	Date-Added = {2011-03-25 11:28:35 +0100},
	Date-Modified = {2011-11-14 10:33:36 +0000},
	Issn = {1097-0258},
	Journal = {Statistics in Medicine},
	Number = {4},
	Pages = {377--399},
	Publisher = {Wiley Online Library},
	Title = {Multiple imputation using chained equations: issues and guidance for practice},
	Volume = {30},
	Year = {2011}}

@article{abayomi2008diagnostics,
	Author = {Abayomi, K. and Gelman, A. and Levy, M.},
	Date-Added = {2010-08-13 16:18:36 +0200},
	Date-Modified = {2010-08-13 16:18:36 +0200},
	Journal = {Journal of the Royal Statistical Society: Series C (Applied Statistics)},
	Number = {3},
	Pages = {273--291},
	Publisher = {John Wiley \& Sons},
	Title = {Diagnostics for multivariate imputations},
	Volume = {57},
	Year = {2008}}

@article{OlsenM2001,
	Author = {Olsen, M.K. and Schafer, J.L.},
	Date-Added = {2010-06-06 17:37:43 +0200},
	Date-Modified = {2010-06-06 17:38:33 +0200},
	Journal = {Journal of the American Statistical Association},
	Number = {454},
	Pages = {730--745},
	Publisher = {ASA},
	Title = {A two-part random-effects model for semicontinuous longitudinal data},
	Volume = {96},
	Year = {2001}}

@inproceedings{SchaferJ1999,
	Author = {Schafer, J.L. and Olsen, M.K.},
	Booktitle = {Proceedings of the Federal Committee on Statistical Methodology Research Conference},
	Date-Added = {2010-06-06 17:37:34 +0200},
	Date-Modified = {2011-11-14 10:32:26 +0000},
	Title = {Modeling and imputation of semicontinuous survey variables},
	Year = {1999}}

@article{rubin1986multiple,
	Author = {Rubin, D.B. and Schenker, N.},
	Date-Added = {2010-06-06 11:35:21 +0200},
	Date-Modified = {2010-06-06 11:35:21 +0200},
	Journal = {Journal of the American Statistical Association},
	Number = {394},
	Pages = {366--374},
	Publisher = {JSTOR},
	Title = {Multiple imputation for interval estimation from simple random samples with ignorable nonresponse},
	Volume = {81},
	Year = {1986}}

@article{siddique2007multiple,
	Author = {Siddique, J. and Belin, T.R.},
	Date-Added = {2010-06-06 11:30:14 +0200},
	Date-Modified = {2010-06-06 11:30:14 +0200},
	Journal = {Statistics in medicine},
	Number = {1},
	Pages = {83--102},
	Publisher = {John Wiley \& Sons},
	Title = {Multiple imputation using an iterative hot-deck with distance-based donor selection},
	Volume = {27},
	Year = {2007}}

@article{siddique2008using,
	Author = {Siddique, J. and Belin, T.R.},
	Date-Added = {2010-06-06 11:29:34 +0200},
	Date-Modified = {2010-06-06 11:29:34 +0200},
	Journal = {Computational statistics \& data analysis},
	Number = {2},
	Pages = {405--415},
	Publisher = {Elsevier},
	Title = {Using an Approximate Bayesian Bootstrap to multiply impute nonignorable missing data},
	Volume = {53},
	Year = {2008}}

@book{little2002statistical,
	Author = {Little, R.J.A. and Rubin, D.B.},
	Date-Added = {2010-06-03 13:05:02 +0200},
	Date-Modified = {2010-06-03 13:05:02 +0200},
	Publisher = {Wiley-Interscience},
	Title = {Statistical analysis with missing data},
	Year = {2002}}

@article{little1988missing,
	Author = {Little, R.J.A.},
	Date-Added = {2010-06-03 13:04:45 +0200},
	Date-Modified = {2014-10-01 18:52:57 +0000},
	Journal = {Journal of Business \& Economic Statistics},
	Number = {3},
	Pages = {287--296},
	Publisher = {JSTOR},
	Title = {Missing-data adjustments in large surveys},
	Volume = {6},
	Year = {1988}}

@article{Fredriks2000,
	Author = {Fredriks, A.M. and van Buuren, S. and Burgmeijer, R.J.F. and Meulmeester, J.F. and Beuker, R.J. and Brugman, E. and Roede, M.J. and Verloove-Vanhorick, S.P. and Wit, J.},
	Date-Added = {2010-04-12 14:40:56 +0200},
	Date-Modified = {2010-04-12 14:49:29 +0200},
	Journal = {Pediatric research},
	Keywords = {4lgn},
	Number = {3},
	Pages = {316},
	Title = {Continuing positive secular growth change in The Netherlands 1955-1997},
	Volume = {47},
	Year = {2000}}

@article{stef1999fcs,
	Author = {Van Buuren, S. and Boshuizen, H.C. and Knook, D.L.},
	Date-Added = {2010-03-30 11:10:11 +0200},
	Date-Modified = {2010-05-02 19:23:05 +0200},
	Journal = {Statistics in Medicine},
	Keywords = {fcs, Multiple, imputation, Fully, Conditional, Specification},
	Number = {6},
	Pages = {681--694},
	Title = {Multiple Imputation of Missing Blood Pressure Covariates in Survival Analysis},
	Volume = {18},
	Year = {1999}}

@article{vanbuuren2010,
	Author = {Van Buuren, S. and Groothuis-Oudshoorn, C.G.M.},
	Date-Added = {2010-03-12 13:15:27 +0100},
	Date-Modified = {2012-02-23 12:22:35 +0000},
	Journal = {Journal of Statistical Software},
	Keywords = {mice, imputation},
	Number = {3},
	Pages = {1-67},
	Title = {{MICE}: {M}ultivariate {I}mputation by {C}hained {E}quations in {R}},
	Volume = {45},
	Year = {2011}}

@article{royston2005,
	Author = {Royston, P.},
	Date-Added = {2010-03-12 13:09:46 +0100},
	Date-Modified = {2010-05-02 19:24:34 +0200},
	Journal = {Stata Journal},
	Keywords = {ice, passive},
	Pages = {527--536},
	Title = {Multiple Imputation of Missing Values: Update of Ice},
	Volume = {5},
	Year = {2005}}

@article{vonhippe2009,
	Author = {Von Hippel, P.T.},
	Date-Added = {2010-03-12 12:49:02 +0100},
	Date-Modified = {2010-05-02 19:03:39 +0200},
	Journal = {Sociological Methodology},
	Keywords = {imputation, squares, interactions multiple imputation},
	Number = {1},
	Pages = {265--291},
	Publisher = {Blackwell Publishing Inc},
	Title = {How to Impute Interactions, Squares, and Other Transformed Variables},
	Volume = {39},
	Year = {2009}}

@article{van2000multivariate,
	Author = {Van Buuren, S. and Oudshoorn, CGM},
	Date-Added = {2010-02-27 11:29:32 +0100},
	Date-Modified = {2010-02-27 11:30:50 +0100},
	Journal = {The Netherlands: TNO Report PG/VGZ/00.038. Netherlands Organization for applied scientific research},
	Keywords = {mice, stef},
	Title = {Multivariate imputation by chained equations: MICE V1. 0 User's Manual},
	Year = {2000}}

@article{raghunathan2002iveware,
	Author = {Raghunathan, T.E. and Solenberger, P.W. and Van Hoewyk, J.},
	Date-Added = {2010-02-27 11:15:13 +0100},
	Date-Modified = {2011-11-14 10:35:33 +0000},
	Journal = {Ann Arbor, MI: Survey Methodology Program, Survey Research Center, Institute for Social Research, University of Michigan},
	Keywords = {iveware, raghu},
	Title = {{IVE}ware: imputation and variance estimation software},
	Year = {2002}}

@article{olkin1961multivariate,
	Author = {Olkin, I. and Tate, RF},
	Date-Added = {2010-02-26 16:06:10 +0100},
	Date-Modified = {2010-02-26 16:06:10 +0100},
	Journal = {The Annals of Mathematical Statistics},
	Number = {2},
	Pages = {448--465},
	Publisher = {Institute of Mathematical Statistics},
	Title = {Multivariate correlation models with mixed discrete and continuous variables},
	Volume = {32},
	Year = {1961}}

@article{herzog1983,
	Author = {Herzog, T.N. and Rubin, D.B.},
	Date-Added = {2010-02-26 15:16:31 +0100},
	Date-Modified = {2010-02-26 15:17:21 +0100},
	Journal = {Incomplete data in sample surveys},
	Keywords = {two-part, Semicontinuous, semi, Multiple, imputation},
	Pages = {209--245},
	Title = {Using multiple imputations to handle nonresponse in sample surveys},
	Volume = {2},
	Year = {1983}}

@article{PannekoekJ2005,
	Author = {Pannekoek, J. and De Waal, T.},
	Date-Added = {2010-02-25 14:05:33 +0100},
	Date-Modified = {2011-10-26 16:35:00 +0200},
	Journal = {Journal of Official Statistics},
	Keywords = {edit, imputation, survey},
	Number = {2},
	Pages = {257},
	Publisher = {ALMQVIST \& WIKSELL INTERNATIONAL},
	Title = {Automatic Edit and Imputation for Business {S}urveys: the {D}utch {C}ontribution to the {EUREDIT} {P}roject},
	Volume = {21},
	Year = {2005}}

@article{LittleRJ1985,
	Author = {Little, R.J.A. and Schluchter, M.D.},
	Date-Added = {2010-02-25 14:04:22 +0100},
	Date-Modified = {2010-02-25 14:10:13 +0100},
	Journal = {Biometrika},
	Keywords = {general location, imputation, maximum likelihood},
	Number = {3},
	Pages = {497},
	Publisher = {Biometrika Trust},
	Title = {Maximum likelihood estimation for mixed continuous and categorical data with missing values},
	Volume = {72},
	Year = {1985}}

@article{HeckmanJJ1976,
	Author = {Heckman, J.J.},
	Date-Added = {2010-02-25 14:03:37 +0100},
	Date-Modified = {2010-02-25 14:10:35 +0100},
	Journal = {NBER Chapters},
	Keywords = {selection model},
	Pages = {120--137},
	Publisher = {National Bureau of Economic Research, Inc},
	Title = {The common structure of statistical models of truncation, sample selection and limited dependent variables and a simple estimator for such models},
	Year = {1976}}

@article{HeckmanJJ1974,
	Author = {Heckman, J.J},
	Date-Added = {2010-02-25 14:03:30 +0100},
	Date-Modified = {2010-02-25 14:11:04 +0100},
	Journal = {Econometrica},
	Keywords = {selection model},
	Number = {4},
	Pages = {679--694},
	Publisher = {The Econometric Society},
	Title = {Shadow prices, market wages, and labor supply},
	Volume = {42},
	Year = {1974}}

@article{DuanN1983,
	Author = {Duan, N. and Manning, W.G. and Morris, C.N. and Newhouse, J.P.},
	Date-Added = {2010-02-25 14:03:03 +0100},
	Date-Modified = {2010-06-06 11:15:09 +0200},
	Journal = {Journal of Business \& Economic Statistics},
	Keywords = {two-part},
	Pages = {115--126},
	Publisher = {American Statistical Association},
	Title = {A comparison of alternative models for the demand for medical care},
	Year = {1983}}

@article{ManningWG1981,
	Author = {Manning, W.G. and Morris, C.N. and Newhouse, J.P. and Orr, L.L. and Duan, N. and Keeler, EB and Leibowitz, A. and Marquis, KH and Marquis, MS and Phelps, CE},
	Date-Added = {2010-02-25 14:02:38 +0100},
	Date-Modified = {2010-02-25 14:08:54 +0100},
	Journal = {Economics and Health Economics. Amsterdam: North-Holland},
	Keywords = {two-part, semi, Semicontinuous},
	Title = {A two-part model of the demand for medical care.: preliminary results from the Health Insurance Study},
	Year = {1981}}

@article{AmemiyaT1984,
	Author = {Amemiya, T.},
	Date-Added = {2010-02-25 14:01:50 +0100},
	Date-Modified = {2010-02-25 14:11:52 +0100},
	Journal = {Journal of Econometrics},
	Keywords = {tobit},
	Number = {1-2},
	Pages = {3--61},
	Title = {Tobit models: a survey},
	Volume = {24},
	Year = {1984}}

@article{TobinJ1958,
	Author = {Tobin, J.},
	Date-Added = {2010-02-25 14:01:19 +0100},
	Date-Modified = {2010-02-25 14:06:39 +0100},
	Journal = {Econometrica},
	Keywords = {tobit},
	Number = {1},
	Pages = {24--36},
	Publisher = {The Econometric Society},
	Title = {Estimation of relationships for limited dependent variables},
	Volume = {26},
	Year = {1958}}

@book{LittleRJ1987,
	Author = {Little, R.J.A. and Rubin, D.B.},
	Date-Added = {2010-02-25 13:59:55 +0100},
	Date-Modified = {2010-06-03 13:27:38 +0200},
	Keywords = {imputation, missing data},
	Publisher = {Wiley New York},
	Title = {Statistical analysis with missing data},
	Year = {1987}}

@book{SchaferJ1997,
	Author = {Schafer, J.L.},
	Date-Added = {2010-02-25 13:59:39 +0100},
	Date-Modified = {2010-02-27 11:34:47 +0100},
	Keywords = {imputation, incomplete, multivariate imputation, Semicontinuous},
	Publisher = {Chapman \& Hall/CRC},
	Title = {Analysis of incomplete multivariate data},
	Year = {1997}}

@inbook{HeeringaSG2002,
	Author = {Heeringa, S.G. and Little, R.J.A. and Raghunathan, T.E.},
	Chapter = {Multivariate Imputation of Coarsened Survey Data on Household Wealth},
	Date-Added = {2010-02-25 13:34:09 +0100},
	Date-Modified = {2010-02-25 13:38:41 +0100},
	Editor = {Groves, R.M. and Dillman, D.A. and Eltinge, J.L. and Little, R.J.A.},
	Keywords = {survey, nonresponse, coarsened, multivariate imputation},
	Pages = {357-371},
	Publisher = {Wiley},
	Title = {Survey Nonresponse},
	Year = {2002}}

@book{RubinD1987,
	Address = {New York},
	Author = {Rubin, D.B.},
	Date-Added = {2010-02-25 12:13:03 +0100},
	Date-Modified = {2010-05-02 19:43:12 +0200},
	Keywords = {Multiple, imputation, MI, rubin},
	Publisher = {John Wiley and Sons},
	Title = {Multiple Imputation for Nonresponse in Surveys},
	Year = {1987}}

@article{YuLM2007,
	Author = {Yu, L.M. and Burton, A. and Rivero-Arias, O.},
	Date-Added = {2010-02-23 15:03:00 +0100},
	Date-Modified = {2010-02-23 15:04:55 +0100},
	Journal = {Statistical Methods in Medical Research},
	Keywords = {Software, Semicontinuous, semi, imputation},
	Number = {243},
	Title = {Evaluation of software for multiple imputation of semicontinuous data},
	Volume = {16},
	Year = {2007}}

@article{JavarasK2003,
	Author = {Javaras, K and Van Dyk, D},
	Date-Added = {2010-02-23 15:00:19 +0100},
	Date-Modified = {2010-02-27 11:34:57 +0100},
	Journal = {Journal of the American Statistical Association},
	Keywords = {Semicontinuous, semi, imputation, blocked general location, general location, modeling},
	Month = {September},
	Number = {463},
	Pages = {703-715},
	Title = {Multiple Imputation for Incomplete Data with Semicontinuous Variables},
	Volume = {98},
	Year = {2003}}
